@book{feld,
   author = {Erich Zabler},
   title = "Sensoren im Kraftfahrzeug",
   publisher = "Springer Vieweg",
   year = 2016,
   note = {ISBN: 978-3-658-11210-3},
   }
@book{messtechniken,
	author = {Matthias Stieß},
	title = "Mechanische Verfahrenstechnik - Partikeltechnologie 1",
	publisher = "Springer Verlag",
	year = 2009,
	note = {ISBN: 978-3-540-32551-2},
}
@misc{bosch,
	author = "Firma Robert Bosch",
	title = "Partikelsensor",
	howpublished = {\href{https://www.bosch-mobility-solutions.com/de/produkte-und-services/pkw-und-leichte-nutzfahrzeuge/antriebssysteme/abgasnachbehandlung-denoxtronic/partikelsensor/}{Link zum Artikel}},
	note = {Zugegriffen: 27.03.2020},
}
@misc{mtec,
	author = "Stefan Carstens, mtec-akademie",
	title = "Resistive Rußsensoren im Einsatz in Partikelfiltersystemen in den USA",
	howpublished = {\href{https://www.mtec-akademie.de/fachbeitraege/verbrennungstechnik-elektromobilitaet/resistive-russsensoren-im-einsatz-in-partikelfiltersystemen-in-den-usa}{Link zum Artikel}},
	note = {Zugegriffen: 27.03.2020},
}